 
% ksiazka
@article{bib:artykul,
  title   = {Tytuł artykułu w czasopiśmie},
  author  = {Imię Nazwisko and Nazwisko, Imię and Imię Nazwisko},
  journal = {Tytuł czasopisma},
  year    = {2016},
  number  = {8},
  pages   = {1092--1113},
  volume  = {157}
}
@online{bib:internet,
  author  = {Imię Nazwisko and Nazwisko, Imię},
  title   = {Tytuł strony internetowej},
  year    = {2021},
  url     = {http://gdzies/w/internecie/internet.html},
  urldate = {2021-09-30}
}

% artykul w czasopismie
@inproceedings{bib:konferencja,
  title     = {Tytuł artykułu konferencyjnego},
  author    = {Imię Nazwisko and Nazwisko, Imię and Imię Nazwisko},
  booktitle = {Nazwa konferecji},
  year      = {2006},
  pages     = {5346--5349}
}
@book{bib:ksiazka,
  title     = {Tytuł książki},
  author    = {Imię Nazwisko and Nazwisko, Imię and Imię Nazwisko},
  publisher = {Wydawnictwo},
  year      = {2017},
  address   = {Warszawa},
  isbn      = {83-204-3229-9-434}
}

@book{bib:KsiazkaUczenieMaszynowe,
  title     = {Uczenie maszynowe w Pythonie. Receptury. Od przygotowania danych do deep learningu},
  author    = {Kyle Gallatin, Chris Albon},
  publisher = {Helion S.A.},
  year      = {2024},
  address   = {Gliwice},
  isbn      = {978-83-289-0811-6}
}


% artykul konferencyjny
@article{bib:redmon_yolo,
  title   = {You Only Look Once: Unified, Real-Time Object Detection},
  author  = {Joseph Redmon and Santosh Divvala and Ross Girshick and Ali Farhadi},
  journal = {Proceedings of the IEEE Conference on Computer Vision and Pattern Recognition (CVPR)},
  year    = {2016},
  pages   = {779--788},
  volume  = {2016},
  url     = {https://arxiv.org/abs/1506.02640},
  note    = {DOI: 10.1109/CVPR.2016.91}
}
 
% zrodlo internetowe
@article{bib:wang_yolov7,
  title   = {YOLOv7: Trainable bag-of-freebies sets new state-of-the-art for real-time object detectors},
  author  = {Chien-Yao Wang and Alexey Bochkovskiy and Hong-Yuan Mark Liao},
  journal = {arXiv preprint arXiv:2207.02696},
  year    = {2022},
  url     = {https://arxiv.org/abs/2207.02696},
  note    = {Available online: \url{https://arxiv.org/abs/2207.02696}}
}
